@article{shalizi2001computational,
	title={Computational mechanics: Pattern and prediction, structure and simplicity},
	author={Shalizi, Cosma Rohilla and Crutchfield, James P},
	journal={Journal of statistical physics},
	volume={104},
	number={3},
	pages={817--879},
	year={2001},
	publisher={Springer}
}

